@article{gulwani2017program,
  title={Program synthesis},
  author={Gulwani, Sumit and Polozov, Oleksandr and Singh, Rishabh and others},
  journal={Foundations and Trends{\textregistered} in Programming Languages},
  volume={4},
  number={1-2},
  pages={1--119},
  year={2017},
  publisher={Now Publishers, Inc.}
}

@article{nps,
  author    = {Neel Kant},
  title     = {Recent Advances in Neural Program Synthesis},
  journal   = {CoRR},
  volume    = {abs/1802.02353},
  year      = {2018},
  url       = {http://arxiv.org/abs/1802.02353},
  archivePrefix = {arXiv},
  eprint    = {1802.02353},
  timestamp = {Mon, 13 Aug 2018 16:46:30 +0200},
  biburl    = {https://dblp.org/rec/bib/journals/corr/abs-1802-02353},
  bibsource = {dblp computer science bibliography, https://dblp.org}
}

@article{nsps,
  author    = {Emilio Parisotto and
               Abdel{-}rahman Mohamed and
               Rishabh Singh and
               Lihong Li and
               Dengyong Zhou and
               Pushmeet Kohli},
  title     = {Neuro-Symbolic Program Synthesis},
  journal   = {CoRR},
  volume    = {abs/1611.01855},
  year      = {2016},
  url       = {http://arxiv.org/abs/1611.01855},
  archivePrefix = {arXiv},
  eprint    = {1611.01855},
  timestamp = {Mon, 13 Aug 2018 16:46:00 +0200},
  biburl    = {https://dblp.org/rec/bib/journals/corr/ParisottoMSLZK16},
  bibsource = {dblp computer science bibliography, https://dblp.org}
}

@article{alphanpi,
  author    = {Thomas Pierrot and
               Guillaume Ligner and
               Scott E. Reed and
               Olivier Sigaud and
               Nicolas Perrin and
               Alexandre Laterre and
               David Kas and
               Karim Beguir and
               Nando de Freitas},
  title     = {Learning Compositional Neural Programs with Recursive Tree Search
               and Planning},
  journal   = {CoRR},
  volume    = {abs/1905.12941},
  year      = {2019},
  url       = {http://arxiv.org/abs/1905.12941},
  archivePrefix = {arXiv},
  eprint    = {1905.12941},
  timestamp = {Mon, 29 Jul 2019 13:33:17 +0200},
  biburl    = {https://dblp.org/rec/bib/journals/corr/abs-1905-12941},
  bibsource = {dblp computer science bibliography, https://dblp.org}
}

% NMT
@inproceedings{kalchbrenner2013recurrent,
  title={Recurrent continuous translation models},
  author={Kalchbrenner, Nal and Blunsom, Phil},
  booktitle={Proceedings of the 2013 Conference on Empirical Methods in Natural Language Processing},
  pages={1700--1709},
  year={2013}
}

% benchmark
@inproceedings{feser2015synthesizing,
  title={Synthesizing data structure transformations from input-output examples},
  author={Feser, John K and Chaudhuri, Swarat and Dillig, Isil},
  booktitle={ACM SIGPLAN Notices},
  volume={50},
  number={6},
  pages={229--239},
  year={2015},
  organization={ACM}
}

% NPI
@article{reed2015neural,
  title={Neural programmer-interpreters},
  author={Reed, Scott and De Freitas, Nando},
  journal={arXiv preprint arXiv:1511.06279},
  year={2015}
}

% holes
@inproceedings{hashimoto1997typed,
  title={A typed context calculus},
  author={Hashimoto, Masatomo and Ohori, Atsushi},
  booktitle={Theoretical Computer Science},
  year={1997},
  organization={Citeseer}
}
